<record><leader>00000cas a2200000 a 4500</leader><controlfield tag="001">37530934</controlfield><controlfield tag="008">970826d19451998caucr ne      0    0eng c</controlfield><datafield ind1=" " ind2=" " tag="010"><subfield code="a">sn 97060724 </subfield></datafield><datafield ind1=" " ind2=" " tag="040"><subfield code="a">CNK</subfield><subfield code="b">eng</subfield><subfield code="c">CNK</subfield><subfield code="d">OCLCQ</subfield><subfield code="d">CNK</subfield><subfield code="d">OCLCQ</subfield><subfield code="d">OCLCF</subfield><subfield code="d">OCLCO</subfield></datafield><datafield ind1="1" ind2=" " tag="029"><subfield code="a">AU@</subfield><subfield code="b">000013434768</subfield></datafield><datafield ind1=" " ind2=" " tag="042"><subfield code="a">pcc</subfield></datafield><datafield ind1=" " ind2=" " tag="043"><subfield code="a">n-us-ca</subfield></datafield><datafield ind1="0" ind2="0" tag="245"><subfield code="a">Clearlake observer-American.</subfield></datafield><datafield ind1="3" ind2=" " tag="246"><subfield code="a">Clear Lake observer American</subfield></datafield><datafield ind1=" " ind2=" " tag="260"><subfield code="a">Lower Lake, Calif. :</subfield><subfield code="b">Brent W. Payne</subfield></datafield><datafield ind1=" " ind2=" " tag="300"><subfield code="a">v.</subfield></datafield><datafield ind1=" " ind2=" " tag="310"><subfield code="a">Semiweekly,</subfield><subfield code="b">Oct. 15, 1986-Aug. 12, 1998</subfield></datafield><datafield ind1=" " ind2=" " tag="321"><subfield code="a">Weekly,</subfield><subfield code="b">June 21, 1945-Oct. 9, 1986</subfield></datafield><datafield ind1="0" ind2=" " tag="362"><subfield code="a">Vol. 9, no. 15 (June 21, 1945)-v. 63, no. 80 (Aug. 12, 1998).</subfield></datafield><datafield ind1=" " ind2=" " tag="500"><subfield code="a">Publication moved to Clearlake, Calif., &lt;Jan. 3, 1985&gt;.</subfield></datafield><datafield ind1=" " ind2=" " tag="530"><subfield code="a">Master negatives are available for duplication from:</subfield><subfield code="b">California Newspaper Microfilm Archive;</subfield><subfield code="c">positive copies may be purchased by the reel; for further information consult the CNMA at:</subfield><subfield code="u">http://cbsr.ucr.edu</subfield></datafield><datafield ind1=" " ind2="0" tag="651"><subfield code="a">Lake County (Calif.)</subfield><subfield code="v">Newspapers.</subfield></datafield><datafield ind1=" " ind2="7" tag="655"><subfield code="a">Newspapers.</subfield><subfield code="2">fast</subfield><subfield code="0">(OCoLC)fst01423814</subfield></datafield><datafield ind1=" " ind2="7" tag="651"><subfield code="a">California</subfield><subfield code="z">Lake County.</subfield><subfield code="2">fast</subfield><subfield code="0">(OCoLC)fst01208616</subfield></datafield><datafield ind1=" " ind2=" " tag="752"><subfield code="a">United States</subfield><subfield code="b">California</subfield><subfield code="c">Lake</subfield><subfield code="d">Clearlake.</subfield></datafield><datafield ind1=" " ind2=" " tag="752"><subfield code="a">United States</subfield><subfield code="b">California</subfield><subfield code="c">Lake</subfield><subfield code="d">Lower Lake.</subfield></datafield><datafield ind1="0" ind2=" " tag="775"><subfield code="t">Northshore bonanza</subfield><subfield code="w">(DLC)sn 98061123</subfield></datafield><datafield ind1="0" ind2="0" tag="780"><subfield code="t">Clearlake observer</subfield><subfield code="w">(DLC)sn 98061121</subfield></datafield><datafield ind1="0" ind2="0" tag="785"><subfield code="t">Observer-American</subfield><subfield code="w">(DLC)sn 98061122</subfield></datafield></record>